% Encoding: UTF-8

@Book{9783453146976,
  author    = {Douglas Adams},
  title     = {Per Anhalter Durch Die Galaxis (German Edition)},
  year      = {1999},
  publisher = {Wilhelm Heyne Verlag GmbH \& Co KG},
  isbn      = {9783453146976},
  url       = {https://www.amazon.com/Anhalter-Durch-Die-Galaxis-German/dp/3453146972?SubscriptionId=0JYN1NVW651KCA56C102&tag=techkie-20&linkCode=xm2&camp=2025&creative=165953&creativeASIN=3453146972},
}

@Book{9783453146983,
  author    = {Douglas Adams},
  title     = {Das Restaurant am Ende des Universums.},
  year      = {1998},
  publisher = {Heyne},
  isbn      = {9783453146983},
  url       = {https://www.amazon.com/Das-Restaurant-am-Ende-Universums/dp/3453146980?SubscriptionId=0JYN1NVW651KCA56C102&tag=techkie-20&linkCode=xm2&camp=2025&creative=165953&creativeASIN=3453146980},
}

@Book{9781848549562,
  author    = {Munroe, Randall},
  title     = {What If?},
  year      = {2015},
  date      = {2015-09-24},
  publisher = {Hodder And Stoughton Ltd.},
  isbn      = {1848549563},
  pagetotal = {320},
  url       = {http://www.ebook.de/de/product/23790143/randall_munroe_what_if.html},
  ean       = {9781848549562},
}

@Comment{jabref-meta: databaseType:biblatex;}
